@inproceedings{203227,
  author    = {Robert O{\textquoteright}Callahan and Chris Jones and Nathan Froyd and Kyle Huey and Albert Noll and Nimrod Partush},
  title     = {Engineering Record and Replay for Deployability},
  booktitle = {2017 {USENIX} Annual Technical Conference ({USENIX} {ATC} 17)},
  year      = {2017},
  isbn      = {978-1-931971-38-6},
  address   = {Santa Clara, CA},
  pages     = {377--389},
  publisher = {{USENIX} Association},
  month     = jul
}

@article{dunlap_revirt_2003,
  title      = {{ReVirt}: enabling intrusion analysis through virtual-machine logging and replay},
  volume     = {36},
  issn       = {0163-5980},
  shorttitle = {{ReVirt}},
  number     = {SI},
  
  journal    = {ACM SIGOPS Operating Systems Review},
  author     = {Dunlap, George W. and King, Samuel T. and Cinar, Sukru and Basrai, Murtaza A. and Chen, Peter M.},
  month      = dec,
  year       = {2003},
  pages      = {211--224}
}




@article{tucek_triage_2007,
  title      = {Triage: diagnosing production run failures at the user's site},
  volume     = {41},
  issn       = {0163-5980},
  shorttitle = {Triage},
  number     = {6},
  
  journal    = {ACM SIGOPS Operating Systems Review},
  author     = {Tucek, Joseph and Lu, Shan and Huang, Chengdu and Xanthos, Spiros and Zhou, Yuanyuan},
  month      = oct,
  year       = {2007},
  keywords   = {debugging, diagnosis, onsite},
  pages      = {131--144}
}


@article{veeraraghavan_doubleplay_2012,
	title = {{DoublePlay}: {Parallelizing} {Sequential} {Logging} and {Replay}},
	volume = {30},
	issn = {0734-2071},
	shorttitle = {{DoublePlay}},
	number = {1},
	
	journal = {ACM Transactions on Computer Systems},
	author = {Veeraraghavan, Kaushik and Lee, Dongyoon and Wester, Benjamin and Ouyang, Jessica and Chen, Peter M. and Flinn, Jason and Narayanasamy, Satish},
	month = feb,
	year = {2012},
	keywords = {Deterministic replay, uniparallelism},
	pages = {3:1--3:24},
}


@inproceedings{bhansali_framework_2006,
	address = {New York, NY, USA},
	series = {{VEE} '06},
	title = {Framework for instruction-level tracing and analysis of program executions},
	isbn = {978-1-59593-332-4},
	
	booktitle = {Proceedings of the 2nd international conference on {Virtual} execution environments},
	publisher = {Association for Computing Machinery},
	author = {Bhansali, Sanjay and Chen, Wen-Ke and de Jong, Stuart and Edwards, Andrew and Murray, Ron and Drinić, Milenko and Mihočka, Darek and Chau, Joe},
	month = jun,
	year = {2006},
	keywords = {callback, code emulation, code replay, time-travel debugging, tracing},
	pages = {154--163},
}


@inproceedings{kasikci_lazy_2017,
	address = {Shanghai China},
	title = {Lazy {Diagnosis} of {In}-{Production} {Concurrency} {Bugs}},
	isbn = {978-1-4503-5085-3},
	language = {en},
	
	booktitle = {Proceedings of the 26th {Symposium} on {Operating} {Systems} {Principles}},
	publisher = {ACM},
	author = {Kasikci, Baris and Cui, Weidong and Ge, Xinyang and Niu, Ben},
	month = oct,
	year = {2017},
	pages = {582--598},
	file = {Kasikci et al. - 2017 - Lazy Diagnosis of In-Production Concurrency Bugs.pdf:/Users/lanranli/Zotero/storage/T6MV9QR6/Kasikci et al. - 2017 - Lazy Diagnosis of In-Production Concurrency Bugs.pdf:application/pdf},
}
